<collection xmlns="http://www.loc.gov/MARC21/slim"><record><leader>00584nam  2200193   450</leader><controlfield tag="001">548</controlfield><controlfield tag="003">http://montalegre.opacnet.com/OPAC/default.aspx?ContentAreaControl=ShowRegHoldings.ascx&amp;RegNo=16662</controlfield><datafield tag="095" ind1=" " ind2=" "><subfield code="a">PTBN00341313</subfield></datafield><datafield tag="100" ind1=" " ind2=" "><subfield code="a">19910717d1962    m  y0pory010305  ba</subfield></datafield><datafield tag="101" ind1="1" ind2=" "><subfield code="a">por</subfield></datafield><datafield tag="102" ind1=" " ind2=" "><subfield code="a">PT</subfield></datafield><datafield tag="200" ind1="1" ind2=" "><subfield code="a">&lt;Os &gt;melhores contos de Kafka</subfield><subfield code="f">trad. A. Serra Lopes</subfield></datafield><datafield tag="210" ind1=" " ind2=" "><subfield code="a">Lisboa</subfield><subfield code="c">Arcádia</subfield><subfield code="d">1962</subfield></datafield><datafield tag="215" ind1=" " ind2=" "><subfield code="a">196 p.</subfield><subfield code="d">21 cm</subfield></datafield><datafield tag="225" ind1="2" ind2=" "><subfield code="a">Antologia</subfield><subfield code="v">13</subfield></datafield><datafield tag="675" ind1=" " ind2=" "><subfield code="a">821.162.3-34"18\19"</subfield><subfield code="v">BN</subfield><subfield code="z">por</subfield></datafield><datafield tag="700" ind1=" " ind2="1"><subfield code="a">Kafka</subfield><subfield code="b">Franz</subfield><subfield code="f">1883-1924</subfield></datafield><datafield tag="702" ind1=" " ind2="1"><subfield code="a">Lopes</subfield><subfield code="b">A. Serra</subfield></datafield><datafield tag="801" ind1=" " ind2="0"><subfield code="a">PT</subfield><subfield code="b">Biblioteca Municipal de Montalegre</subfield><subfield code="g">RPC</subfield></datafield><datafield tag="909" ind1="&#9;" ind2=" "><subfield code="a">1</subfield></datafield><datafield tag="966" ind1=" " ind2=" "><subfield code="a">0008903</subfield><subfield code="l">BMM</subfield><subfield code="s">SCG 821 KAF mel 13</subfield></datafield></record></collection>